<?xml version="1.0" encoding="UTF-8"?><collection xmlns="http://www.loc.gov/MARC21/slim"><record><leader>00332nam--2200121-i-4500</leader><controlfield tag="001">000035008</controlfield><controlfield tag="002">20161230</controlfield><controlfield tag="005">20161230201040</controlfield><controlfield tag="008">060222s1000------------r-----000-0-eng-d</controlfield><datafield ind1=" " ind2=" " tag="080"><subfield code="a">571</subfield></datafield><datafield ind1=" " ind2=" " tag="245"><subfield code="a">New world archeology:theoretical and cultural transformations..</subfield></datafield><datafield ind1=" " ind2=" " tag="260"><subfield code="a">San Francisco, W.H.Freeman And Company. 335p</subfield></datafield><datafield ind1=" " ind2=" " tag="852"><subfield code="a">48249</subfield></datafield></record></collection>